@book{Diestel_course_book,
	title={Graph theory: 5th edition},
	publisher={Springer-Verlag},
	author={Diestel, Reinhard},
	year={2017},
	month=feb
}
